<?xml version="1.0" encoding="UTF-8"?><collection xmlns="http://www.loc.gov/MARC21/slim"><record><leader>00667nam--2200193-i-4500</leader><controlfield tag="001">000042988</controlfield><controlfield tag="002">20161230</controlfield><controlfield tag="005">20161230201043</controlfield><controlfield tag="008">060222s1000------------r-----000-0-rum-d</controlfield><datafield ind1=" " ind2=" " tag="040"><subfield code="a">IFIN-HH</subfield></datafield><datafield ind1=" " ind2=" " tag="041"><subfield code="a">rum</subfield></datafield><datafield ind1=" " ind2=" " tag="080"><subfield code="a">621.039.543.46:546.791(043)</subfield></datafield><datafield ind1="1" ind2=" " tag="100"><subfield code="a">Stoicescu,Constantin Sp</subfield></datafield><datafield ind1="1" ind2="0" tag="245"><subfield code="a">Functii de stare pentru ionii f3 in cristale, aplicatii in rezonanta paramagnetica a uraniului trivalent</subfield><subfield code="b">Teza</subfield><subfield code="c">Constantin sp. stoicescu</subfield></datafield><datafield ind1=" " ind2=" " tag="260"><subfield code="a">Bucuresti</subfield><subfield code="b">Institutul De Fizica Si Inginerie Nucleara</subfield><subfield code="c">1988</subfield></datafield><datafield ind1=" " ind2=" " tag="300"><subfield code="a">179 P</subfield></datafield><datafield ind1=" " ind2=" " tag="502"><subfield code="a">Conducator Stiintific: Acad.Prof.Dr.Doc. Ioan Ursu</subfield></datafield><datafield ind1=" " ind2=" " tag="852"><subfield code="a">74802</subfield><subfield code="c">539.143.43</subfield></datafield><datafield ind1=" " ind2=" " tag="CAT"><subfield code="a">Sys</subfield><subfield code="c">20120511</subfield><subfield code="h">181956</subfield></datafield></record></collection>